<?xml version="1.0" encoding="UTF-8"?><collection xmlns="http://www.loc.gov/MARC21/slim"><record><leader>00426nam--2200169-i-4500</leader><controlfield tag="001">000043790</controlfield><controlfield tag="002">20161230</controlfield><controlfield tag="005">20170205233118</controlfield><controlfield tag="008">060222s1000------------r-----000-0-eng-d</controlfield><datafield ind1=" " ind2=" " tag="080"><subfield code="a">621.325.652</subfield></datafield><datafield ind1=" " ind2=" " tag="100"><subfield code="a">Taub, Herbert</subfield></datafield><datafield ind1=" " ind2=" " tag="245"><subfield code="a">Digital integrated electroniss</subfield></datafield><datafield ind1=" " ind2=" " tag="260"><subfield code="a">Tokyo</subfield><subfield code="b">Mcgraw-Hill Kogakusha, Ltd</subfield><subfield code="c">1977</subfield></datafield><datafield ind1=" " ind2=" " tag="300"><subfield code="a">650 p</subfield></datafield><datafield ind1=" " ind2=" " tag="700"><subfield code="a">Schilling, Donald</subfield></datafield><datafield ind1=" " ind2=" " tag="852"><subfield code="a">46673</subfield></datafield><datafield ind1=" " ind2=" " tag="CAT"><subfield code="a">SYS</subfield><subfield code="c">20170205</subfield><subfield code="h">233118</subfield></datafield></record></collection>